@book{Res14,
    title={A Probability Path},
    author={Resnick, Sidney I.},
    year={2014},
    series={Modern Birkh\"auser Classics},
    publisher={Springer Science+Business Media}}

@book{Res02,
    title={Adventures in Stochastic Processes},
    author={Resnick, Sidney I.},
    year={2002},
    publisher={Springer Science+Business Media}}

@inproceedings{Stan04,
  title={An Introduction to Hyperplane Arrangements},
  author={Stanley, Richard P},
  booktitle={Lecture notes, IAS/Park City Mathematics Institute},
  year={2004},
  organization={Citeseer}
}
@book{ShaRem13,
    title={Linear Algebra and Geometry},
    author={Shafarevich, Igor R. and Remizov, Alexey},
    year={2013},
    publisher={Springer-Verlag Berlin Heidelberg},
    edition={1}}

@book{Zieg95,
	title={Lectures on Polytopes},
	author={Ziegler, G{\"u}nter M.},
	volume={152},
	year={1995},
	publisher={Springer Science \& Business Media}
}

@article{Stan86,
    title={Two Poset Polytopes},
    author={Stanley, Richard P.},
    journal={Discrete \& Computational Geometry},
    volume={1},
    number={1},
    pages={9--23},
    year={1986},
    publisher={Springer}}

@book{Stan12,
    author={Stanley, Richard P.},
    title={Enumerative Combinatorics},
    edition={2nd},
    volume={1},
    publisher={Cambridge University Press},
    year={2012}}
